@misc{CALO,
key = {CALO},
  title = {{CALO Project} Cognitive Assistant that Learns and Organizes},
  howpublished = {\url{http://www.ai.sri.com/project/CALO}},
  note = {Accessed: 2018-12-13}
}

@misc{Leslie,
key = {Leslie},
  title = {{Leslie Pack Kaelbling} Panasonic Professor of Computer Science and Engineering},
  howpublished = {\url{https://people.csail.mit.edu/lpk/}},
  note = {Accessed: 2018-12-13}
}

@misc{CMU,
    key = {CMU},
  title = {{CMU} Carnegie Mellon University Enron Data-Set},
  howpublished = {\url{https://www.cs.cmu.edu/~./enron/}},
  note = {Accessed: 2018-12-13}
}

@misc{ENRON,
   key = {ENRON},
   organisation = {Enron Corporation},
   title="ENRON",
   howpublished = "\url{https://en.wikipedia.org/wiki/Enron}",
   lastchecked = {2018-12-13},
   year = 2018
}

@misc{ENRON_Scandal,
   key = {ENRON_Scandal},
   organisation = {Enron Corporation},
   title="ENRON scandal",
   howpublished = "\url{https://en.wikipedia.org/wiki/Enron_scandal}",
   lastchecked = {2018-12-13},
   year = 2018
}

@misc{pipedrive,
   key = {pipedrive},
   organisation = {pipedrive},
   title="Sales productivity around the world",
   howpublished = "\url{https://www.pipedrive.com/en/blog/sales-productivity-around-the-world}",
   lastchecked = {2018-12-13},
   year = 2018
}

@misc{employee_position,
   key = {employee_position},
   title="Enron employees",
   howpublished = "\url{http://www.inf.ed.ac.uk/teaching/courses/tts/assessed/roles.txt}",
   lastchecked = {2018-12-13},
}

@misc{spamassassin,
   key = {spamassassin},
   title="Spam Assassin",
   howpublished = "\url{https://spamassassin.apache.org/}",
}

@misc{spamham,
   key = {spamham},
   title="Spam Ham ENRON emails",
   howpublished = "\url{http://www2.aueb.gr/users/ion/data/enron-spam/}",
}

@misc{findlaw,
   key = {findlaw},
   title="FindLaw : Legal information",
   howpublished = "\url{https://www.findlaw.com/}",
}

@misc{usatoday,
   key = {usatoday},
   title="usatoday : A look at those involved in the Enron scandal",
   howpublished = "\url{http://usatoday30.usatoday.com/money/industries/energy/2005-12-28-enron-participants_x.htm}",
}


@misc{analyticsvidhya,
   key = {analyticsvidhya},
   title="How to handle Unbalanced Classification Problems in machine learning?",
   howpublished = "\url{https://bit.ly/2CfJNB4}",
}


@misc{kmeans,
   key = {Kmeans},
   title="k-means clustering",
   howpublished = "\url{https://en.wikipedia.org/wiki/K-means_clustering}",
}
